@techreport{mit_techreport,
  author       = {Chelsea Barabas, Neha Narula, Ehtan Zuckerman}, 
  title        = {Defending Internet Freedom through Decentralization: Back to the Future?},
  institution  = {The Center for Civic Media, The Digital Currency Initiative, MIT Media Lab},
  year         = 2017,
  address      = {Online pdf},
  month        = 8,
  note         = {Accessed November 2017}
}

@book{Pariser:2011:FBI:2029079,
 author = {Pariser, Eli},
 title = {The Filter Bubble: What the Internet Is Hiding from You},
 year = {2011},
 isbn = {1594203008, 9781594203008},
 publisher = {Penguin Group , The},
} 

FROM THE DECEMBER 2002 ISSUE
@article{consolidation_curve,
  author  = {Graeme K. Deans, Fritz Kroeger, Stefan Zeisel},
  title   = {The Consolidation Curve},
  journal = {Harvard Business Journal},
  year    = 2002,
  number  = 12,
  month   = 12,
}

@misc{save_internet,
  author       = {Lucy Vernasco}, 
  title        = {The Mission To Save The Internet By Rewiring It From The Name Up},
  howpublished = {Online},
  url          = {https://motherboard.vice.com/en_us/article/nzemz7/the-internet-of-names},
  month        = 5,
  year         = 2015,
}

@book{kleppmann2017designing,
  title={Designing Data-Intensive Applications: The Big Ideas Behind Reliable, Scalable, and Maintainable Systems},
  author={Kleppmann, M.},
  isbn={9781449373320},
  url={https://books.google.nl/books?id=BM7woQEACAAJ},
  year={2017},
  publisher={O'Reilly Media}
}

@book{rogers2010diffusion,
  title={Diffusion of innovations},
  author={Rogers, Everett M},
  year={2010},
  publisher={Simon and Schuster}
}

@article{harnik2011secure,
  title={Secure access mechanism for cloud storage},
  author={Harnik, Danny and Kolodner, Elliot K and Ronen, Shahar and Satran, Julian and Shulman-Peleg, Alexandra and Tal, Sivan},
  journal={Scalable Computing: Practice and Experience},
  volume={12},
  number={3},
  pages={317--336},
  year={2011}
}